@article{linden2003amazon,
  author    = {Gregory Linden and Brent Smith and Jeremy York},
  title     = {{Amazon.com} recommendations: Item-to-item collaborative filtering},
  journal   = {IEEE Internet Computing},
  volume    = {7},
  number    = {1},
  pages     = {76--80},
  year      = {2003},
  publisher = {IEEE Computer Society}
}

@article{shearer2000crisp,
  author  = {Cathrine Shearer},
  title   = {The {CRISP}-{DM} model: The new blueprint for data mining},
  journal = {Journal of Data Warehousing},
  volume  = {5},
  number  = {4},
  pages   = {13--22},
  year    = {2000}
}

@inproceedings{sarwar2001item,
  author    = {Badrul Sarwar and George Karypis and Joseph Konstan and John Riedl},
  title     = {Item-based collaborative filtering recommendation algorithms},
  booktitle = {Proceedings of the 10th International Conference on World Wide Web},
  pages     = {285--295},
  year      = {2001},
  organization = {ACM}
}

@article{huang2007applying,
  author  = {Zhongzhi Huang and Dong Xin Zeng and Hsinchun Chen},
  title   = {Analyzing consumerâ€“product graphs: Empirical findings and applications in recommender systems},
  journal = {Management Science},
  volume  = {53},
  number  = {7},
  pages   = {1146--1164},
  year    = {2007},
  publisher = {INFORMS}
}

@article{blondel2008fast,
  author  = {Vincent D. Blondel and Jean-Loup Guillaume and Renaud Lambiotte and Etienne Lefebvre},
  title   = {Fast unfolding of communities in large networks},
  journal = {Journal of Statistical Mechanics: Theory and Experiment},
  volume  = {2008},
  number  = {10},
  pages   = {P10008},
  year    = {2008},
  publisher = {IOP Publishing}
}

@incollection{ricci2011introduction,
  author    = {Francesco Ricci and Lior Rokach and Bracha Shapira},
  title     = {Introduction to recommender systems handbook},
  booktitle = {Recommender Systems Handbook},
  pages     = {1--35},
  year      = {2011},
  publisher = {Springer},
  address   = {Boston, MA}
}

@article{burke2002hybrid,
  author  = {Robin Burke},
  title   = {Hybrid recommender systems: Survey and experiments},
  journal = {User Modeling and User-Adapted Interaction},
  volume  = {12},
  number  = {4},
  pages   = {331--370},
  year    = {2002},
  publisher = {Springer}
}

@article{shokrzadeh2022graph,
  title        = {Graph-Based Recommendation System Enhanced with Community Detection},
  author       = {Shokrzadeh, Zeinab and Feizi-Derakhshi, Mohammad-Reza and Balafar, Mohammad-Ali and Bagherzadeh-Mohasefi, Jamshid},
  journal      = {arXiv preprint arXiv:2201.03622},
  year         = {2022},
  note         = {Online; accessed May 2025}
}
